@inproceedings{SzaboVKRS14,
  author    = {Tam{\'{a}}s Szab{\'{o}} and
               Markus Voelter and
               Bernd Kolb and
               Daniel Ratiu and
               Bernhard Sch{\"{a}}tz},
  title     = {mbeddr - Extensible Languages for Embedded Software Development},
  booktitle = {Proceedings of the 2014 Workshop on Eclipse Technology eXchange, {ETX}
               2014, Portland, OR, USA, October 20 - 24, 2014},
  pages     = {21--22},
  year      = {2014}
}

@article{VoelterRKS13,
  author    = {Markus Voelter and
               Daniel Ratiu and
               Bernd Kolb and
               Bernhard Sch{\"{a}}tz},
  title     = {mbeddr: instantiating a language workbench in the embedded software
               domain},
  journal   = {Autom. Softw. Eng.},
  volume    = {20},
  number    = {3},
  pages     = {339--390},
  year      = {2013}
}

@inproceedings{KroeningT14,
  author    = {Daniel Kroening and
               Michael Tautschnig},
  title     = {{CBMC} - {C} Bounded Model Checker - (Competition Contribution)},
  booktitle = {Tools and Algorithms for the Construction and Analysis of Systems
               - 20th International Conference, {TACAS} 2014, Held as Part of the
               European Joint Conferences on Theory and Practice of Software, {ETAPS}
               2014, Grenoble, France, April 5-13, 2014. Proceedings},
  pages     = {389--391}
}

@TechReport{Lucio2014,
  Title                    = {A technique for symbolically verifying properties of graph-based model transformations},
  Author                   = {L{\'u}cio, Levi and Oakes, B and Vangheluwe, Hans},
  Institution              = {Technical Report SOCS-TR-2014.1, McGill U},
  Year                     = {2014}
}

@Unpublished{Oakes2015,
  Title                    = {Fully Verifying Transformation Contracts for Declarative ATL},
  Author                   = {Oakes, Bentley James and Troya, Javier and L{\'u}cio, Levi and Wimmer, Manuel},
  Note                     = {Accepted for publication at MoDELS 2015},

  Owner                    = {boakes},
  Timestamp                = {2015.07.09}
}



